<record><leader>00000cas a22000007a 4500</leader><controlfield tag="001">13547882</controlfield><controlfield tag="008">860508d19121918iaudn ne      0    0eng d</controlfield><datafield ind1=" " ind2=" " tag="010"><subfield code="a">sn 86060065 </subfield></datafield><datafield ind1=" " ind2=" " tag="040"><subfield code="a">INP</subfield><subfield code="b">eng</subfield><subfield code="c">INP</subfield><subfield code="d">OCLCQ</subfield></datafield><datafield ind1=" " ind2=" " tag="042"><subfield code="a">msc</subfield></datafield><datafield ind1="0" ind2=" " tag="130"><subfield code="a">Daily plain dealer (Creston, Iowa)</subfield></datafield><datafield ind1="1" ind2="0" tag="245"><subfield code="a">Daily plain dealer.</subfield></datafield><datafield ind1="3" ind2="0" tag="246"><subfield code="a">Creston daily plain dealer</subfield></datafield><datafield ind1="3" ind2="0" tag="246"><subfield code="a">Sunday plain dealer</subfield></datafield><datafield ind1=" " ind2=" " tag="260"><subfield code="a">Creston, Iowa :</subfield><subfield code="b">Plain Dealer Pub. Co.,</subfield><subfield code="c">1912-1918.</subfield></datafield><datafield ind1=" " ind2=" " tag="300"><subfield code="a">7 v. :</subfield><subfield code="b">ill.</subfield></datafield><datafield ind1=" " ind2=" " tag="310"><subfield code="a">Daily (except Monday)</subfield></datafield><datafield ind1="0" ind2=" " tag="362"><subfield code="a">Vol. 1, no. 50 (May 14, 1912)-v. 7, no. 7 (May 21, 1918).</subfield></datafield><datafield ind1=" " ind2=" " tag="500"><subfield code="a">Title from publisher's statement.</subfield></datafield><datafield ind1=" " ind2=" " tag="500"><subfield code="a">Masthead title: Creston daily plain dealer, May 14-16, 1912.</subfield></datafield><datafield ind1=" " ind2=" " tag="500"><subfield code="a">Sunday edition called: Sunday plain dealer, Oct. 13, 1912-&lt;Aug. 31, 1913&gt;.</subfield></datafield><datafield ind1=" " ind2=" " tag="500"><subfield code="a">Prohibition "extra" published Nov. 2, 1914.</subfield></datafield><datafield ind1=" " ind2=" " tag="500"><subfield code="a">Includes sections called: Afton daily plain dealer, May 17-&lt;Aug. 31, 1913&gt;; Greenfield daily plain dealer, July 30-Dec. 5, 1914.</subfield></datafield><datafield ind1=" " ind2=" " tag="500"><subfield code="a">Originally edited by: Berthe J. Bowers.</subfield></datafield><datafield ind1=" " ind2=" " tag="515"><subfield code="a">Occasional errors in numbering.</subfield></datafield><datafield ind1=" " ind2=" " tag="752"><subfield code="a">United States</subfield><subfield code="b">Iowa</subfield><subfield code="c">Union</subfield><subfield code="d">Creston.</subfield></datafield><datafield ind1=" " ind2=" " tag="752"><subfield code="a">United States</subfield><subfield code="b">Iowa</subfield><subfield code="c">Union</subfield><subfield code="d">Afton.</subfield></datafield><datafield ind1=" " ind2=" " tag="752"><subfield code="a">United States</subfield><subfield code="b">Iowa</subfield><subfield code="c">Adair</subfield><subfield code="d">Greenfield.</subfield></datafield><datafield ind1="0" ind2=" " tag="775"><subfield code="t">Creston plain dealer</subfield><subfield code="w">(DLC)sn 86060064</subfield><subfield code="g">May 14-&lt;Nov. 29&gt;,  1912</subfield></datafield><datafield ind1="0" ind2="0" tag="785"><subfield code="t">Plain dealer (Creston, Iowa)</subfield><subfield code="w">(DLC)sn 86060066</subfield></datafield><datafield ind1="1" ind2=" " tag="787"><subfield code="t">Afton daily plain dealer</subfield></datafield><datafield ind1="1" ind2=" " tag="787"><subfield code="t">Greenfield daily plain dealer</subfield></datafield><datafield ind1="1" ind2=" " tag="029"><subfield code="a">AU@</subfield><subfield code="b">000025808221</subfield></datafield></record>